
% References for MVA Tools



% Books
% -----


@book{cook2007interactive,
  author       = "Dianne Cook and Deborah F. Swayne and Andreas Buja",
  title        = "Interactive and Dynamic Graphics for Data Analysis with R and GGobi",
  publisher    = "Springer",
  date         = "2007-09-05",
  isbn         = "0387717617",
}
% ISBN-10: 0-387-71761-7
% ISBN-13: 978-0387717616


@book{inselberg2008parallel,
  author       = "Alfred Inselberg",
  title        = "Parallel Coordinates: Visual Multidimensional Geometry and Its Applications",
  publisher    = "Springer",
  date         = "2009-09-01",
  isbn         = "0387215077",
}
% ISBN-10: 0-387-21507-7
% ISBN-13: 978-0387215075









% Journal Articles
% ----------------


@article{avidan1999parallax,
  author       = "Tova Avidan and Shlomo Avidan",
  title        = "ParallAX -- A Data Mining Tool Based on Parallel Coordinates",
  journal      = "Computational Statistics",
  publisher    = "Physica-Verlag",
  issn         = "0943-4062",
  date         = "1999-03",
  volume       = "14",
  number       = "1",
  pages        = "79--89",
  doi          = "10.1007/PL00022707",
}
% https://link.springer.com/article/10.1007/PL00022707


@article{chegini2019interactive,
  author       = "Mohammad Chegini and Jürgen Bernard and Philip Berger and
                  Alexei Sourin and Keith Andrews and Tobias Schreck", 
  title        = "Interactive Labelling of a Multivariate Dataset for
                  Supervised Machine Learning using Linked Visualisations,
                  Clustering, and Active Learning",
  journal      = "Visual Informatics",
  volume       = "3",
  number       = "1",
  date         = "2019-03",
  pages        = "9--17",
  note         = "Proc.\ PacificVAST 2019",
  doi          = "10.1016/j.visinf.2019.03.002",
  url          = "https://researchgate.net/publication/331953059_Interactive_labelling_of_a_multivariate_dataset_for_supervised_machine_learning_using_linked_visualisations_clustering_and_active_learning/",
}
% https://researchgate.net/publication/331953059_Interactive_labelling_of_a_multivariate_dataset_for_supervised_machine_learning_using_linked_visualisations_clustering_and_active_learning/
% https://ftp.isds.tugraz.at/pub/papers/chegini-pvast2019-ix-labelling.pdf


@article{koytek2017mybrush,
  author       = "Philipp Koytek and Charles Perin and Jo Vermeulen and Elisabeth André
                  and Sheelagh Carpendale",
  title        = "MyBrush: Brushing and Linking with Personal Agency",
  journal      = "IEEE Transactions on Visualization and Computer Graphics",
  issn         = "1077-2626",
  volume       = "24",
  number       = "1",
  date         = "2017-08-29",
  pages        = "605--615",
  doi          = "10.1109/TVCG.2017.2743859",
  url          = "https://ieeexplore.ieee.org/document/8017621",
}
% https://openaccess.city.ac.uk/id/eprint/18383/1/2018_VIS_mybrush.pdf


@article{nguyen2013tabuvis,
  author       = "Nguyen, Quang Vinh and Qian, Yu and Huang, MaoLin and Zhang, JiaWan",
  title        = "TabuVis: A Tool for Visual Analytics Multidimensional Datasets",
  journal      = "Science China Information Sciences",
  publisher    = "Springer",
  issn         = "1869-1919",
  volume       = "56",
  number       = "5",
  date         = "2013-05-24",
  pages        = "1--12",
  doi          = "10.1007/s11432-013-4870-1",
  url          = "https://researchgate.net/publication/257686743_TabuVis_A_tool_for_visual_analytics_multidimensional_datasets",
}
% https://researchgate.net/publication/257686743_TabuVis_A_tool_for_visual_analytics_multidimensional_datasets










% Online Resources
% ----------------


@online{InfoScope,
  author       = "{Macrofocus}",
  title        = "InfoScope",
  date         = "2016-04-29",
  url          = "https://web.archive.org/web/20160429015130/http://www.macrofocus.com/public/products/infoscope/",
  urldate      = "2022-12-18",
}
% https://web.archive.org/web/20160429015130/http://www.macrofocus.com/public/products/infoscope/
% http://macrofocus.com/public/products/infoscope/


@online{HighD,
  author       = "{Macrofocus}",
  title        = "High-D",
  date         = "2022-12-05",
  url          = "https://www.high-d.com/",
  urldate      = "2022-12-18",
}


@online{Improvise,
  author       = "Chris Weaver",
  title        = "Improvise",
  date         = "2014-09-21",
  url          = "https://cs.ou.edu/~weaver/improvise/",
  urldate      = "2023-01-06",
}


@online{XDAT,
  author       = "{XDAT}",
  title        = "XDAT",
  date         = "2020-08-26",
  url          = "https://xdat.org/",
  urldate      = "2023-01-06",
}