@article{cao2011survey,
  author="Cao, N",
  title="A Survey on Multidimensional Visual Analysis Techniques",
  journal="Hong Kong University of Science and Technology",
  year="2011"
}

@article{abdi2010principal,
  author="Abdi, Herv{\'e} and Williams, Lynne J",
  title="Principal component analysis",
  journal="Wiley interdisciplinary reviews: computational statistics",
  volume="2",
  number="4",
  pages="433--459",
  year="2010",
  publisher="Wiley Online Library"
}

@article{morrison2003fast,
  author="Morrison, Alistair and Ross, Greg and Chalmers, Matthew",
  title="Fast multidimensional scaling through sampling, springs and interpolation",
  journal="Information Visualization",
  volume="2",
  number="1",
  pages="68--77",
  year="2003",
  publisher="SAGE Publications Sage UK: London, England"
}

@article{van2008visualizing,
  author="Van der Maaten, Laurens and Hinton, Geoffrey",
  title="Visualizing data using t-SNE.",
  journal="Journal of machine learning research",
  volume="9",
  number="11",
  year="2008"
}

@inproceedings{inselberg1990parallel,
  author="Inselberg, Alfred and Dimsdale, Bernard",
  title="Parallel coordinates: a tool for visualizing multi-dimensional geometry",
  booktitle="Proceedings of the First IEEE Conference on Visualization: Visualization90",
  pages="361--378",
  year="1990",
  organization="IEEE"
}

@book{duran2013cluster,
  author="Duran, Benjamin S and Odell, Patrick L",
  title="Cluster analysis: a survey",
  volume="100",
  year="2013",
  publisher="Springer Science \& Business Media"
}

@online{InfoScope,
  author       = "Macrofocus",
  title        = "Macrofocus: InfoScope",
  date         = "2007-02-09",
  url          = "http://www.trenddisplay.com/public/products/infoscope.html",
  urldate      = "2022-12-18"
}

@online{HighD,
  author       = "Macrofocus",
  title        = "Macrofocus: High-D",
  date         = "2022-12-05",
  url          = "https://high-d.com/",
  urldate      = "2022-12-18"
}

@book{cook2007interactive,
  title="Interactive and dynamic graphics for data analysis with R and GGobi",
  author="Cook, Dianne and Swayne, Deborah F and Buja, Andreas",
  volume="1",
  year="2007",
  publisher="Springer"
}

@article{CHEGINI20199,
title = "Interactive labelling of a multivariate dataset for supervised machine learning using linked visualisations, clustering, and active learning",
journal = "Visual Informatics",
volume = "3",
number = "1",
pages = "9-17",
year = "2019",
note = "Proceedings of PacificVAST 2019",
issn = "2468-502X",
doi = "https://doi.org/10.1016/j.visinf.2019.03.002",
url = "https://www.sciencedirect.com/science/article/pii/S2468502X19300178",
author = "Mohammad Chegini and JÃ¼rgen Bernard and Philip Berger and Alexei Sourin and Keith Andrews and Tobias Schreck"
}